@article{eptd,
  title={Efficient and privacy-preserving truth discovery in mobile crowd sensing systems},
  author={Xu, Guowen and Li, Hongwei and Liu, Sen and Wen, Mi and Lu, Rongxing},
  journal={IEEE Transactions on Vehicular Technology},
  volume={68},
  number={4},
  pages={3854--3865},
  year={2019},
  publisher={IEEE}
}
@article{trafficapplication,
  title={Vehicle-based Bi-Objective Crowdsourcing},
  author={Zhang, Xinglin and Yang, Zheng and Liu, Yunhao},
  journal={IEEE Transactions on Intelligent Transportation Systems},
  volume={19},
  number={10},
  pages={3420--3428},
  year={2018},
  publisher={IEEE}
}
@article{urbanmining,
  title={Smartphones for Large-Scale Behavior Change Interventions},
  author={Lathia, Neal and Pejovic, Veljko and Rachuri, Kiran K and Mascolo, Cecilia and Musolesi, Mirco and Rentfrow, Peter J},
  journal={IEEE Pervasive Computing},
  volume={12},
  number={3},
  pages={66--73},
  year={2013},
  publisher={IEEE}
}
@article{rptd,
  title={Reliable and Privacy-Preserving Truth Discovery for Mobile Crowdsensing Systems},
  author={Zhang, Chuan and Zhu, Liehuang and Xu, Chang and Liu, Ximeng and Sharif, Kashif},
  journal={IEEE Transactions on Dependable and Secure Computing},
  year={2019},
  publisher={IEEE},
  note={{DOI}:10.1109/TDSC.2019.2919517}
}
@article{inpptd,
  title={{InPPTD}: An Lightweight Incentive-based Privacy-Preserving Truth Discovery for Crowd Sensing Systems},
  author={Xue, Kaiping and Zhu, Bin and Yang, Qingyou and Gai, Na and Wei, David SL and Yu, Nenghai},
  journal={IEEE Internet of Things Journal},
  year={2020},
  pages={4305--4316},
  volume={8},
  number={6},
  publisher={IEEE}
}
% number needed
@article{rtpt,
  title={{RTPT}: A Framework for Real-time Privacy-Preserving Truth Discovery on Crowdsensed Data Streams},
  author={Liu, Yuxian and Tang, Shaohua and Wu, Hao-Tian and Zhang, Xinglin},
  journal={Computer Networks},
  volume={148},
  pages={349--360},
  year={2019},
  number={},
  publisher={Elsevier}
}
@article{CATD,
  title={A Confidence-Aware Approach for Truth Discovery on Long-Tail Data},
  author={Li, Qi and Li, Yaliang and Gao, Jing and Su, Lu and Zhao, Bo and Demirbas, Murat and Fan, Wei and Han, Jiawei},
  journal={Proceedings of the VLDB Endowment},
  volume={8},
  number={4},
  pages={425--436},
  year={2014},
  publisher={VLDB Endowment}
}
@article{health,
title = {{PPDP}: An Efficient and Privacy-Preserving Disease Prediction Scheme in Cloud-based e-Healthcare System},
journal = {Future Generation Computer Systems},
volume = {79},
pages = {16-25},
year = {2018},
author = {Chuan Zhang and Liehuang Zhu and Chang Xu and Rongxing Lu},
publisher={Elsevier}
}
@article{shamir,
author = {Shamir, Adi},
title = {How to Share a Secret},
year = {1979},
publisher = {Association for Computing Machinery},
volume = {22},
number = {11},
journal = {Communications of the ACM},
pages = {612â€“613}
}
@article{DDH,
  title={New directions in cryptography},
  author={Diffie, Whitfield and Hellman, Martin},
  journal={IEEE transactions on Information Theory},
  volume={22},
  number={6},
  pages={644--654},
  year={1976},
  publisher={IEEE}
}
@inproceedings{CRH,
  title={Resolving Conflicts in Heterogeneous Data by Truth Discovery and Source Reliability Estimation},
  author={Li, Qi and Li, Yaliang and Gao, Jing and Zhao, Bo and Fan, Wei and Han, Jiawei},
  booktitle={Proceedings of the 2014 International Conference on Management of Data (SIGMOD)},
  pages={1187--1198},
  year={2014},
  organization={ACM}
}
@inproceedings{localization,
  title={{CIMLoc}: A crowdsourcing Indoor Digital Map Construction System for Localization},
  author={Zhang, Xiuming and Jin, Yunye and Tan, Hwee-Xian and Soh, Wee-Seng},
  booktitle={2014 IEEE Ninth International Conference on Intelligent Sensors, Sensor Networks and Information Processing (ISSNIP)},
  pages={1--6},
  year={2014},
  organization={IEEE}
}
@inproceedings{miao,
  title={Cloud-enabled Privacy-Preserving Truth Discovery in Crowd Sensing Systems},
  author={Miao, Chenglin and Jiang, Wenjun and Su, Lu and Li, Yaliang and Guo, Suxin and Qin, Zhan and Xiao, Houping and Gao, Jing and Ren, Kui},
  booktitle={Proceedings of the 2015 Conference on Embedded Networked Sensor Systems},
  pages={183--196},
  year={2015},
  organization={ACM}
}
@inproceedings{environment,
  author={Mao, Xufei and Miao, Xin and He, Yuan and Li, Xiang-Yang and Liu, Yunhao},
  booktitle={Proceedings of 2012 International Comference of Computer Networking and Communication (INFOCOM)},
  title={{CitySee}: Urban {CO2} Monitoring with Sensors},
  year={2012},
  pages={1611-1619},
  organization={IEEE}
  }
@inproceedings{ae,
  title={Authenticated Encryption: Relations Among Notions and Analysis of the Generic Composition Paradigm},
  author={Bellare, Mihir and Namprempre, Chanathip},
  booktitle={Proceedings of 2000 International Conference on the Theory and Application of Cryptology and Information Security},
  pages={531--545},
  year={2000},
  organization={Springer}
}
@inproceedings{theseus,
  title={Theseus: Incentivizing Truth Discovery in Mobile Crowd Sensing Systems},
  author={Jin, Haiming and Su, Lu and Nahrstedt, Klara},
  booktitle={Proceedings of the 2017 International Symposium on Mobile Ad Hoc Networking and Computing},
  pages={1--10},
  year={2017},
  organization={ACM}
}
@inproceedings{doublemasking,
  title={Practical secure aggregation for privacy-preserving machine learning},
  author={Bonawitz, Keith and Ivanov, Vladimir and Kreuter, Ben and Marcedone, Antonio and McMahan, H Brendan and Patel, Sarvar and Ramage, Daniel and Segal, Aaron and Seth, Karn},
  booktitle={Proceedings of the 2017 ACM SIGSAC Conference on Computer and Communications Security},
  pages={1175--1191},
  year={2017},
  organization={ACM}
}
@INPROCEEDINGS{gai,
  author={Gai, Na and Xue, Kaiping and He, Peixuan and Zhu, Bin and Liu, Jianqing and He, Debiao},
  booktitle={Proceedings of the 2020 International Conference on Mobility, Sensing and Networking (MSN)},
  title={An Efficient Data Aggregation Scheme with Local Differential Privacy in Smart Grid},
  year={2020},
  pages={73-80},
  organization={IEEE}
}
